@article{visco,
    author = {Quillen, Alice C and \textbf{Katelyn J Wagner} and S{\'a}nchez, Paul},
    title = "{Simulations of wobble damping in viscoelastic rotators}",
    journal = {Monthly Notices of the Royal Astronomical Society},
    volume = {485},
    number = {1},
    pages = {725-738},
    year = {2019},
    month = {02},
    doi = {10.1093/mnras/stz422},
    url = {https://doi.org/10.1093/mnras/stz422},
    archivePrefix = {arXiv},
    eprint = {1901.01439}
}

@article{lattice,
    author={\textbf{Katelyn J Wagner} and Whelan, John T and Wofford, Jared K and Wette, Karl},
    title="{Template Lattices for a Cross-Correlation Search for Gravitational Waves from {Scorpius X-1.}}",
    journal = {Classical and Quantum Gravity},
    year = {2022},
    doi = {10.1088/1361-6382/ac5012},
    url={http://iopscience.iop.org/article/10.1088/1361-6382/ac5012}
}

 @mastersthesis{thesis, 
    title="{Template Lattices for a Cross- Correlation Search for Continuous Gravitational Waves from Scorpius X-1}", 
    author={\textbf{Katelyn J Wagner}}, 
    school={Rochester Institute of Technology},
    year={2022}} 

@article{scoX1,
    author = {{R. Abbott} \textit{et al.} ({The LIGO-Virgo-KAGRA Collaboration})},
    year = {2022},
    month = {09},
    title = "{Model-based cross-correlation search for gravitational waves from the low-mass X-ray binary Scorpius X-1 in LIGO O3 data}",
    journal={Astrophysical Journal Letters},
    doi = {10.48550/arXiv.2209.02863}
}